@BOOK{shelley,
author = "M. Shelley",
title = "Frankenstein",
publisher = "Oxford University Press",
year = "1818"
}

@book{mittelbach2004latex,
  title={The LATEX companion},
  author={Mittelbach, Frank and Goossens, Michel and Braams, Johannes and Carlisle, David and Rowley, Chris},
  year={2004},
  publisher={Addison-Wesley Professional}
}